@misc{doc-python,
  title = {{Documentation Python (c-API)}},
  howpublished = "\url{}"
}

@misc{sensiolabs,
  title = {{SensioLabs}},
  howpublished = "\url{https://sensiolabs.com}"
}

@misc{blackfire,
  title = {{Blackfire}},
  howpublished = "\url{https://blackfire.io}"
}

@misc{symfony,
  title = {{Symfony}},
  howpublished = "\url{https://symfony.com}"
}

@misc{insight,
  title = {{SensioLabs Insight}},
  howpublished = "\url{https://insight.sensiolabs.com}"
}

@misc{new-relic,
  title = {{New Relic}},
  howpublished = "\url{https://www.newrelic.com}"
}

@misc{pypi,
  title = {{PyPI}},
  howpublished = "\url{https://pypi.python.org}"
}

@misc{yappi,
  title = {{Yappi}},
  howpublished = "\url{https://bitbucket.org/sumerc/yappi}"
}